@TechReport{informeanual2014,
  Title                    = {Informe Anual 2014},
  Institution              = {Un Kilo de Ayuda},
  Year                     = {2014}
}